<collection xmlns="http://www.loc.gov/MARC21/slim">
<record>
  <leader>02601nam0a22005171i 450 </leader>
  <controlfield tag="001">IT\ICCU\CNCE\028084</controlfield>
  <controlfield tag="005">20180216000000.0</controlfield>
  <datafield tag="012" ind1=" " ind2=" ">
    <subfield code="a">uss; s.o- tait ViVn (3) 1562 (R)</subfield>
    <subfield code="2">fei</subfield>
  </datafield>
  <datafield tag="100" ind1=" " ind2=" ">
    <subfield code="a">19971103d1562        0itac0103    ba</subfield>
  </datafield>
  <datafield tag="101" ind1=" " ind2=" ">
    <subfield code="a">LAT</subfield>
  </datafield>
  <datafield tag="102" ind1=" " ind2=" ">
    <subfield code="a">IT</subfield>
  </datafield>
  <datafield tag="200" ind1="1" ind2=" ">
    <subfield code="a">Ex libris XXIII commentariorum in vetera imperatorum Romanorum numismata Aeneae Vici liber primus</subfield>
  </datafield>
  <datafield tag="210" ind1=" " ind2=" ">
    <subfield code="a">Venetiis</subfield>
    <subfield code="d">1562</subfield>
    <subfield code="e">\Venezia</subfield>
    <subfield code="g">Paolo Manuzio!</subfield>
  </datafield>
  <datafield tag="215" ind1=" " ind2=" ">
    <subfield code="a">130, \14! p.</subfield>
    <subfield code="c">ill.</subfield>
    <subfield code="d">4ʻ</subfield>
  </datafield>
  <datafield tag="620" ind1=" " ind2=" ">
    <subfield code="a">IT</subfield>
    <subfield code="d">Venezia</subfield>
  </datafield>
  <datafield tag="700" ind1=" " ind2="1">
    <subfield code="a">Vico,</subfield>
    <subfield code="b">Enea</subfield>
    <subfield code="3">IT\ICCU\CNCA\007974</subfield>
  </datafield>
  <datafield tag="712" ind1="0" ind2="0">
    <subfield code="a">Manuzio, Paolo</subfield>
    <subfield code="3">IT\ICCU\CNCT\000570</subfield>
    <subfield code="4">650</subfield>
  </datafield>
  <datafield tag="791" ind1="0" ind2="0">
    <subfield code="a">Manutius, Paulus</subfield>
    <subfield code="3">IT\ICCU\CNCT\005020</subfield>
    <subfield code="z">Manuzio, Paolo</subfield>
  </datafield>
  <datafield tag="791" ind1="0" ind2="0">
    <subfield code="a">Manutio, Paolo</subfield>
    <subfield code="3">IT\ICCU\CNCT\005021</subfield>
    <subfield code="z">Manuzio, Paolo</subfield>
  </datafield>
  <datafield tag="801" ind1=" " ind2="3">
    <subfield code="a">IT</subfield>
    <subfield code="b">ICCU</subfield>
    <subfield code="c">20201114</subfield>
  </datafield>
  <datafield tag="899" ind1=" " ind2=" ">
    <subfield code="a">Biblioteca del comune e dell&apos;Accademia etrusca. Cortona</subfield>
    <subfield code="1">AR0034</subfield>
    <subfield code="2">RT1 QE</subfield>
  </datafield>
  <datafield tag="899" ind1=" " ind2=" ">
    <subfield code="a">Biblioteca universitaria. Bologna</subfield>
    <subfield code="1">BO0098</subfield>
    <subfield code="2">UBO BU</subfield>
  </datafield>
  <datafield tag="899" ind1=" " ind2=" ">
    <subfield code="a">Biblioteca civica Queriniana. Brescia</subfield>
    <subfield code="z">MUTILO</subfield>
    <subfield code="1">BS0026</subfield>
    <subfield code="2">ZBS 01</subfield>
  </datafield>
  <datafield tag="899" ind1=" " ind2=" ">
    <subfield code="a">Biblioteca statale. Cremona</subfield>
    <subfield code="z">MUTILO</subfield>
    <subfield code="1">CR0062</subfield>
    <subfield code="2">LO1 28</subfield>
  </datafield>
  <datafield tag="899" ind1=" " ind2=" ">
    <subfield code="a">Biblioteca regionale universitaria. Catania</subfield>
    <subfield code="1">CT0062</subfield>
    <subfield code="2">PAL BC</subfield>
  </datafield>
  <datafield tag="899" ind1=" " ind2=" ">
    <subfield code="a">Biblioteca Apostolica Vaticana. Citt ̉del Vaticano</subfield>
    <subfield code="1">EX0001</subfield>
    <subfield code="2">ZCV 01</subfield>
  </datafield>
  <datafield tag="899" ind1=" " ind2=" ">
    <subfield code="a">Biblioteca nazionale centrale. Firenze</subfield>
    <subfield code="1">FI0098</subfield>
    <subfield code="2">CFI CF</subfield>
  </datafield>
  <datafield tag="899" ind1=" " ind2=" ">
    <subfield code="a">Biblioteca universitaria. Genova</subfield>
    <subfield code="1">GE0038</subfield>
    <subfield code="2">LIG 01</subfield>
  </datafield>
  <datafield tag="899" ind1=" " ind2=" ">
    <subfield code="a">Biblioteca regionale universitaria. Messina</subfield>
    <subfield code="1">ME0050</subfield>
    <subfield code="2">PAL BM</subfield>
  </datafield>
  <datafield tag="899" ind1=" " ind2=" ">
    <subfield code="a">Biblioteca del Seminario vescovile. Mantova</subfield>
    <subfield code="1">MN0041</subfield>
    <subfield code="2">PBE 23</subfield>
  </datafield>
  <datafield tag="899" ind1=" " ind2=" ">
    <subfield code="a">Biblioteca civica. Padova</subfield>
    <subfield code="1">PD0090</subfield>
    <subfield code="2">PUV 55</subfield>
  </datafield>
  <datafield tag="899" ind1=" " ind2=" ">
    <subfield code="a">Biblioteca Ludovico Jacobilli del Seminario vescovile. Foligno</subfield>
    <subfield code="1">PG0040</subfield>
    <subfield code="2">UM1 39</subfield>
  </datafield>
  <datafield tag="899" ind1=" " ind2=" ">
    <subfield code="a">Biblioteca comunale Augusta. Perugia</subfield>
    <subfield code="1">PG0109</subfield>
    <subfield code="2">UM1 01</subfield>
  </datafield>
  <datafield tag="899" ind1=" " ind2=" ">
    <subfield code="a">Biblioteca universitaria. Pisa</subfield>
    <subfield code="1">PI0112</subfield>
    <subfield code="2">PIS R1</subfield>
  </datafield>
  <datafield tag="899" ind1=" " ind2=" ">
    <subfield code="a">Biblioteca Palatina. Parma</subfield>
    <subfield code="1">PR0072</subfield>
    <subfield code="2">PAR PA</subfield>
  </datafield>
  <datafield tag="899" ind1=" " ind2=" ">
    <subfield code="a">Biblioteca  Panizzi. Reggio Emilia</subfield>
    <subfield code="1">RE0052</subfield>
    <subfield code="2">RE2 PA</subfield>
  </datafield>
  <datafield tag="899" ind1=" " ind2=" ">
    <subfield code="a">Biblioteca nazionale centrale. Roma</subfield>
    <subfield code="1">RM0267</subfield>
    <subfield code="2">BVE CR</subfield>
  </datafield>
  <datafield tag="899" ind1=" " ind2=" ">
    <subfield code="a">Biblioteca universitaria Alessandrina. Roma</subfield>
    <subfield code="1">RM0280</subfield>
    <subfield code="2">RML 01</subfield>
  </datafield>
  <datafield tag="899" ind1=" " ind2=" ">
    <subfield code="a">Biblioteca Angelica. Roma</subfield>
    <subfield code="1">RM0290</subfield>
    <subfield code="2">RML 06</subfield>
  </datafield>
  <datafield tag="899" ind1=" " ind2=" ">
    <subfield code="a">Biblioteca Casanatense. Roma</subfield>
    <subfield code="1">RM0313</subfield>
    <subfield code="2">RML 07</subfield>
  </datafield>
  <datafield tag="899" ind1=" " ind2=" ">
    <subfield code="a">Biblioteca Bartoliniana. Udine</subfield>
    <subfield code="1">UD0243</subfield>
    <subfield code="2">ZUD 12</subfield>
  </datafield>
  <datafield tag="899" ind1=" " ind2=" ">
    <subfield code="a">British Library. London</subfield>
    <subfield code="1">UK0001</subfield>
  </datafield>
  <datafield tag="899" ind1=" " ind2=" ">
    <subfield code="a">Biblioteca nazionale Marciana. Venezia</subfield>
    <subfield code="1">VE0049</subfield>
    <subfield code="2">VEA BM</subfield>
  </datafield>
  <datafield tag="899" ind1=" " ind2=" ">
    <subfield code="a">Biblioteca civica. Verona</subfield>
    <subfield code="1">VR0059</subfield>
    <subfield code="2">ZVR 02</subfield>
  </datafield>
  <datafield tag="911" ind1=" " ind2=" ">
    <subfield code="a">A c. R2v</subfield>
    <subfield code="9">IT\ICCU\CNCM\000750</subfield>
  </datafield>
  <datafield tag="921" ind1=" " ind2=" ">
    <subfield code="a">IT\ICCU\CNCM\000750</subfield>
    <subfield code="b">Ancora con delfino e la scritta: Aldus</subfield>
    <subfield code="c">A75</subfield>
    <subfield code="c">Z46</subfield>
    <subfield code="d">Dimensioni: 4,5 x 5,5</subfield>
    <subfield code="f">ANCORA</subfield>
    <subfield code="f">DELFINO</subfield>
    <subfield code="f">ALDUS</subfield>
    <subfield code="g">1556-1585</subfield>
  </datafield>
</record>
</collection>
